@Article{abmAnimalMovement,
  title = {abmAnimalMovement: An R Package for Simulating Animal Movement Using an Agent-Based
Model},
  author = {Benjamin Michael Marshall and Alexander Bradley Duthie},
  journal = {F1000},
  year = {2022},
  volume = {0},
  number = {0},
  pages = {0},
  url = {0},
}
@Article{adehabitatHS,
  title = {The package adehabitat for the R software:
         tool for the analysis of space and habitat use by animals},
  journal = {Ecological Modelling},
  volume = {197},
  pages = {1035},
  year = {2006},
  author = {C. Calenge},
}
@Article{amt,
  title = {Animal movement tools (amt): R package for managing tracking data and conducting habitat selection analyses},
  author = {Johannes Signer and John Fieberg and Tal Avgar},
  journal = {Ecology and Evolution},
  year = {2019},
  volume = {9},
  pages = {880--890},
  url = {https://doi.org/10.1002/ece3.4823},
}
@Article{ape,
  title = {ape 5.0: an environment for modern phylogenetics and evolutionary analyses in {R}},
  author = {E. Paradis and K. Schliep},
  journal = {Bioinformatics},
  year = {2019},
  volume = {35},
  pages = {526-528},
}
@Manual{base,
  title = {R: A Language and Environment for Statistical Computing},
  author = {{R Core Team}},
  organization = {R Foundation for Statistical Computing},
  address = {Vienna, Austria},
  year = {2022},
  url = {https://www.R-project.org/},
}
@Manual{base64enc,
  title = {base64enc: Tools for base64 encoding},
  author = {Simon Urbanek},
  year = {2015},
  note = {R package version 0.1-3},
  url = {https://CRAN.R-project.org/package=base64enc},
}
@Manual{bookdown2022,
  title = {bookdown: Authoring Books and Technical Documents with R Markdown},
  author = {Yihui Xie},
  year = {2022},
  note = {R package version 0.27},
  url = {https://github.com/rstudio/bookdown},
}

@Book{bookdown2016,
  title = {bookdown: Authoring Books and Technical Documents with {R} Markdown},
  author = {Yihui Xie},
  publisher = {Chapman and Hall/CRC},
  address = {Boca Raton, Florida},
  year = {2016},
  note = {ISBN 978-1138700109},
  url = {https://bookdown.org/yihui/bookdown},
}
@Manual{bslib,
  title = {bslib: Custom 'Bootstrap' 'Sass' Themes for 'shiny' and 'rmarkdown'},
  author = {Carson Sievert and Joe Cheng},
  year = {2021},
  note = {R package version 0.3.1},
  url = {https://CRAN.R-project.org/package=bslib},
}
@Manual{cachem,
  title = {cachem: Cache R Objects with Automatic Pruning},
  author = {Winston Chang},
  year = {2021},
  note = {R package version 1.0.6},
  url = {https://CRAN.R-project.org/package=cachem},
}
@Article{castor,
  journal = {Bioinformatics},
  title = {Efficient comparative phylogenetics on large trees},
  author = {Stilianos Louca and Michael Doebeli},
  doi = {10.1093/bioinformatics/btx701},
  year = {2017},
}
@Article{colorspace2020a,
  title = {{colorspace}: A Toolbox for Manipulating and Assessing Colors and Palettes},
  author = {Achim Zeileis and Jason C. Fisher and Kurt Hornik and Ross Ihaka and Claire D. McWhite and Paul Murrell and Reto Stauffer and Claus O. Wilke},
  journal = {Journal of Statistical Software},
  year = {2020},
  volume = {96},
  number = {1},
  pages = {1--49},
  doi = {10.18637/jss.v096.i01},
}

@Article{colorspace2009b,
  title = {Escaping {RGB}land: Selecting Colors for Statistical Graphics},
  author = {Achim Zeileis and Kurt Hornik and Paul Murrell},
  journal = {Computational Statistics \& Data Analysis},
  year = {2009},
  volume = {53},
  number = {9},
  pages = {3259--3270},
  doi = {10.1016/j.csda.2008.11.033},
}

@Article{colorspace2009c,
  title = {Somewhere over the Rainbow: How to Make Effective Use of Colors in Meteorological Visualizations},
  author = {Reto Stauffer and Georg J. Mayr and Markus Dabernig and Achim Zeileis},
  journal = {Bulletin of the American Meteorological Society},
  year = {2009},
  volume = {96},
  number = {2},
  pages = {203--216},
  doi = {10.1175/BAMS-D-13-00155.1},
}
@Manual{cpp11,
  title = {cpp11: A C++11 Interface for R's C Interface},
  author = {Jim Hester and Romain François},
  year = {2021},
  note = {R package version 0.4.2},
  url = {https://CRAN.R-project.org/package=cpp11},
}
@Manual{ctmcmove,
  title = {ctmcmove: Modeling Animal Movement with Continuous-Time Discrete-Space
Markov Chains},
  author = {Ephraim Hanks},
  year = {2018},
  note = {R package version 1.2.9},
  url = {https://CRAN.R-project.org/package=ctmcmove},
}
@Manual{ctmm,
  title = {ctmm: Continuous-Time Movement Modeling},
  author = {Christen H. Fleming and Justin M. Calabrese},
  year = {2021},
  note = {R package version 0.6.1},
  url = {https://CRAN.R-project.org/package=ctmm},
}
@Manual{datatree,
  title = {data.tree: General Purpose Hierarchical Data Structure},
  author = {Christoph Glur},
  year = {2020},
  note = {R package version 1.0.0},
  url = {https://CRAN.R-project.org/package=data.tree},
}
@Manual{digest,
  title = {digest: Create Compact Hash Digests of R Objects},
  author = {Dirk Eddelbuettel with contributions by Antoine Lucas and Jarek Tuszynski and Henrik Bengtsson and Simon Urbanek and Mario Frasca and Bryan Lewis and Murray Stokely and Hannes Muehleisen and Duncan Murdoch and Jim Hester and Wush Wu and Qiang Kou and Thierry Onkelinx and Michel Lang and Viliam Simko and Kurt Hornik and Radford Neal and Kendon Bell and Matthew {de Queljoe} and Ion Suruceanu and Bill Denney and Dirk Schumacher and and Winston Chang.},
  year = {2021},
  note = {R package version 0.6.29},
  url = {https://CRAN.R-project.org/package=digest},
}
@Manual{ellipsis,
  title = {ellipsis: Tools for Working with ...},
  author = {Hadley Wickham},
  year = {2021},
  note = {R package version 0.3.2},
  url = {https://CRAN.R-project.org/package=ellipsis},
}
@Manual{evaluate,
  title = {evaluate: Parsing and Evaluation Tools that Provide More Details than the
Default},
  author = {Hadley Wickham and Yihui Xie},
  year = {2022},
  note = {R package version 0.15},
  url = {https://CRAN.R-project.org/package=evaluate},
}
@Manual{fansi,
  title = {fansi: ANSI Control Sequence Aware String Functions},
  author = {Brodie Gaslam},
  year = {2022},
  note = {R package version 1.0.3},
  url = {https://CRAN.R-project.org/package=fansi},
}
@Manual{farver,
  title = {farver: High Performance Colour Space Manipulation},
  author = {Thomas Lin Pedersen and Berendea Nicolae and Romain François},
  year = {2021},
  note = {R package version 2.1.0},
  url = {https://CRAN.R-project.org/package=farver},
}
@Manual{fastmap,
  title = {fastmap: Fast Data Structures},
  author = {Winston Chang},
  year = {2021},
  note = {R package version 1.1.0},
  url = {https://CRAN.R-project.org/package=fastmap},
}
@Manual{fs,
  title = {fs: Cross-Platform File System Operations Based on 'libuv'},
  author = {Jim Hester and Hadley Wickham and Gábor Csárdi},
  year = {2021},
  note = {R package version 1.5.2},
  url = {https://CRAN.R-project.org/package=fs},
}
@Manual{generics,
  title = {generics: Common S3 Generics not Provided by Base R Methods Related to
Model Fitting},
  author = {Hadley Wickham and Max Kuhn and Davis Vaughan},
  year = {2022},
  note = {R package version 0.1.2},
  url = {https://CRAN.R-project.org/package=generics},
}
@Article{ggtree2020,
  title = {Using ggtree to Visualize Data on Tree-Like Structures},
  author = {Guangchuang Yu},
  year = {2020},
  journal = {Current Protocols in Bioinformatics},
  volume = {69},
  pages = {e96},
  number = {1},
  url = {https://currentprotocols.onlinelibrary.wiley.com/doi/abs/10.1002/cpbi.96},
  doi = {10.1002/cpbi.96},
}

@Article{ggtree2018,
  title = {Two methods for mapping and visualizing associated data on phylogeny using ggtree.},
  author = {Guangchuang Yu and Tommy Tsan-Yuk Lam and Huachen Zhu and Yi Guan},
  year = {2018},
  journal = {Molecular Biology and Evolution},
  volume = {35},
  issue = {2},
  pages = {3041-3043},
  doi = {10.1093/molbev/msy194},
  url = {https://academic.oup.com/mbe/article/35/12/3041/5142656},
}

@Article{ggtree2017,
  title = {ggtree: an R package for visualization and annotation of phylogenetic trees with their covariates and other associated data.},
  author = {Guangchuang Yu and David Smith and Huachen Zhu and Yi Guan and Tommy Tsan-Yuk Lam},
  year = {2017},
  journal = {Methods in Ecology and Evolution},
  volume = {8},
  issue = {1},
  pages = {28-36},
  doi = {10.1111/2041-210X.12628},
  url = {http://onlinelibrary.wiley.com/doi/10.1111/2041-210X.12628/abstract},
}
@Manual{glue,
  title = {glue: Interpreted String Literals},
  author = {Jim Hester and Jennifer Bryan},
  year = {2022},
  note = {R package version 1.6.2},
  url = {https://CRAN.R-project.org/package=glue},
}
@Manual{grateful,
  title = {grateful: Facilitate citation of R packages},
  author = {Francisco Rodríguez-Sánchez and Connor P. Jackson and Shaurita D. Hutchins},
  note = {R package version 0.1.5},
  year = {2022},
  url = {https://github.com/Pakillo/grateful},
}
@Manual{gtable,
  title = {gtable: Arrange 'Grobs' in Tables},
  author = {Hadley Wickham and Thomas Lin Pedersen},
  year = {2019},
  note = {R package version 0.3.0},
  url = {https://CRAN.R-project.org/package=gtable},
}
@Manual{here,
  title = {here: A Simpler Way to Find Your Files},
  author = {Kirill Müller},
  year = {2020},
  note = {R package version 1.0.1},
  url = {https://CRAN.R-project.org/package=here},
}
@Manual{highr,
  title = {highr: Syntax Highlighting for R Source Code},
  author = {Yihui Xie and Yixuan Qiu},
  year = {2021},
  note = {R package version 0.9},
  url = {https://CRAN.R-project.org/package=highr},
}
@Manual{htmltools,
  title = {htmltools: Tools for HTML},
  author = {Joe Cheng and Carson Sievert and Barret Schloerke and Winston Chang and Yihui Xie and Jeff Allen},
  year = {2021},
  note = {R package version 0.5.2},
  url = {https://CRAN.R-project.org/package=htmltools},
}
@Manual{isoband,
  title = {isoband: Generate Isolines and Isobands from Regularly Spaced Elevation
Grids},
  author = {Claus O. Wilke and Thomas Lin Pedersen},
  year = {2021},
  note = {R package version 0.2.5},
  url = {https://CRAN.R-project.org/package=isoband},
}
@Manual{jquerylib,
  title = {jquerylib: Obtain 'jQuery' as an HTML Dependency Object},
  author = {Carson Sievert and Joe Cheng},
  year = {2021},
  note = {R package version 0.1.4},
  url = {https://CRAN.R-project.org/package=jquerylib},
}
@Manual{knitr2022,
  title = {knitr: A General-Purpose Package for Dynamic Report Generation in R},
  author = {Yihui Xie},
  year = {2022},
  note = {R package version 1.39},
  url = {https://yihui.org/knitr/},
}

@Book{knitr2015,
  title = {Dynamic Documents with {R} and knitr},
  author = {Yihui Xie},
  publisher = {Chapman and Hall/CRC},
  address = {Boca Raton, Florida},
  year = {2015},
  edition = {2nd},
  note = {ISBN 978-1498716963},
  url = {https://yihui.org/knitr/},
}

@InCollection{knitr2014,
  booktitle = {Implementing Reproducible Computational Research},
  editor = {Victoria Stodden and Friedrich Leisch and Roger D. Peng},
  title = {knitr: A Comprehensive Tool for Reproducible Research in {R}},
  author = {Yihui Xie},
  publisher = {Chapman and Hall/CRC},
  year = {2014},
  note = {ISBN 978-1466561595},
  url = {http://www.crcpress.com/product/isbn/9781466561595},
}
@Manual{labeling,
  title = {labeling: Axis Labeling},
  author = {Justin Talbot,},
  year = {2020},
  note = {R package version 0.4.2},
  url = {https://CRAN.R-project.org/package=labeling},
}
@Manual{lazyeval,
  title = {lazyeval: Lazy (Non-Standard) Evaluation},
  author = {Hadley Wickham},
  year = {2019},
  note = {R package version 0.2.2},
  url = {https://CRAN.R-project.org/package=lazyeval},
}
@Manual{lifecycle,
  title = {lifecycle: Manage the Life Cycle of your Package Functions},
  author = {Lionel Henry and Hadley Wickham},
  year = {2021},
  note = {R package version 1.0.1},
  url = {https://CRAN.R-project.org/package=lifecycle},
}
@Manual{memoise,
  title = {memoise: 'Memoisation' of Functions},
  author = {Hadley Wickham and Jim Hester and Winston Chang and Kirill Müller and Daniel Cook},
  year = {2021},
  note = {R package version 2.0.1},
  url = {https://CRAN.R-project.org/package=memoise},
}
@Manual{move,
  title = {move: Visualizing and Analyzing Animal Track Data},
  author = {Bart Kranstauber and Marco Smolla and Anne K Scharf},
  year = {2022},
  note = {R package version 4.1.8},
  url = {https://CRAN.R-project.org/package=move},
}
@Article{multiverseHabitat,
  title = {multiverseHabitat},
  author = {Benjamin Michael Marshall and Alexander Bradley Duthie},
  journal = {NA},
  year = {2022},
  volume = {0},
  number = {0},
  pages = {0},
  url = {NA},
}
@Manual{munsell,
  title = {munsell: Utilities for Using Munsell Colours},
  author = {Charlotte Wickham},
  year = {2018},
  note = {R package version 0.5.0},
  url = {https://CRAN.R-project.org/package=munsell},
}
@Manual{naturalsort,
  title = {naturalsort: Natural Ordering},
  author = {Kosei Abe},
  year = {2016},
  note = {R package version 0.1.3},
  url = {https://CRAN.R-project.org/package=naturalsort},
}
@Article{osfr,
  title = {{osfr}: An {R} Interface to the Open Science Framework},
  author = {Aaron R. Wolen and Chris H.J. Hartgerink and Ryan Hafen and Brian G. Richards and Courtney K. Soderberg and Timothy P. York},
  journal = {Journal of Open Source Software},
  year = {2020},
  volume = {5},
  number = {46},
  pages = {2071},
  url = {https://doi.org/10.21105/joss.02071},
  doi = {10.21105/joss.02071},
}
@Manual{patchwork,
  title = {patchwork: The Composer of Plots},
  author = {Thomas Lin Pedersen},
  year = {2020},
  note = {R package version 1.1.1},
  url = {https://CRAN.R-project.org/package=patchwork},
}
@Manual{pkgconfig,
  title = {pkgconfig: Private Configuration for 'R' Packages},
  author = {Gábor Csárdi},
  year = {2019},
  note = {R package version 2.0.3},
  url = {https://CRAN.R-project.org/package=pkgconfig},
}
@Manual{R6,
  title = {R6: Encapsulated Classes with Reference Semantics},
  author = {Winston Chang},
  year = {2021},
  note = {R package version 2.5.1},
  url = {https://CRAN.R-project.org/package=R6},
}
@Manual{rappdirs,
  title = {rappdirs: Application Directories: Determine Where to Save Data, Caches,
and Logs},
  author = {Sridhar Ratnakumar and Trent Mick and Trevor Davis},
  year = {2021},
  note = {R package version 0.3.3},
  url = {https://CRAN.R-project.org/package=rappdirs},
}
@Manual{RColorBrewer,
  title = {RColorBrewer: ColorBrewer Palettes},
  author = {Erich Neuwirth},
  year = {2022},
  note = {R package version 1.1-3},
  url = {https://CRAN.R-project.org/package=RColorBrewer},
}
@Article{Rcpp2011,
  title = {{Rcpp}: Seamless {R} and {C++} Integration},
  author = {Dirk Eddelbuettel and Romain Fran\c{c}ois},
  journal = {Journal of Statistical Software},
  year = {2011},
  volume = {40},
  number = {8},
  pages = {1--18},
  doi = {10.18637/jss.v040.i08},
}

@Book{Rcpp2013,
  title = {Seamless {R} and {C++} Integration with {Rcpp}},
  author = {Dirk Eddelbuettel},
  publisher = {Springer},
  address = {New York},
  year = {2013},
  note = {ISBN 978-1-4614-6867-7},
  doi = {10.1007/978-1-4614-6868-4},
}

@Article{Rcpp2018,
  title = {{Extending 	extit{R} with 	extit{C++}: A Brief Introduction to 	extit{Rcpp}}},
  author = {Dirk Eddelbuettel and James Joseph Balamuta},
  journal = {The American Statistician},
  year = {2018},
  volume = {72},
  number = {1},
  pages = {28-36},
  doi = {10.1080/00031305.2017.1375990},
}
@Article{RcppEigen,
  title = {Fast and Elegant Numerical Linear Algebra Using the {RcppEigen} Package},
  author = {Douglas Bates and Dirk Eddelbuettel},
  journal = {Journal of Statistical Software},
  year = {2013},
  volume = {52},
  number = {5},
  pages = {1--24},
  doi = {10.18637/jss.v052.i05},
}
@Manual{rmarkdown2022,
  title = {rmarkdown: Dynamic Documents for R},
  author = {JJ Allaire and Yihui Xie and Jonathan McPherson and Javier Luraschi and Kevin Ushey and Aron Atkins and Hadley Wickham and Joe Cheng and Winston Chang and Richard Iannone},
  year = {2022},
  note = {R package version 2.14},
  url = {https://github.com/rstudio/rmarkdown},
}

@Book{rmarkdown2018,
  title = {R Markdown: The Definitive Guide},
  author = {Yihui Xie and J.J. Allaire and Garrett Grolemund},
  publisher = {Chapman and Hall/CRC},
  address = {Boca Raton, Florida},
  year = {2018},
  note = {ISBN 9781138359338},
  url = {https://bookdown.org/yihui/rmarkdown},
}

@Book{rmarkdown2020,
  title = {R Markdown Cookbook},
  author = {Yihui Xie and Christophe Dervieux and Emily Riederer},
  publisher = {Chapman and Hall/CRC},
  address = {Boca Raton, Florida},
  year = {2020},
  note = {ISBN 9780367563837},
  url = {https://bookdown.org/yihui/rmarkdown-cookbook},
}
@Manual{rprojroot,
  title = {rprojroot: Finding Files in Project Subdirectories},
  author = {Kirill Müller},
  year = {2022},
  note = {R package version 2.0.3},
  url = {https://CRAN.R-project.org/package=rprojroot},
}
@Manual{RSpectra,
  title = {RSpectra: Solvers for Large-Scale Eigenvalue and SVD Problems},
  author = {Yixuan Qiu and Jiali Mei},
  year = {2022},
  note = {R package version 0.16-1},
  url = {https://CRAN.R-project.org/package=RSpectra},
}
@Manual{sass,
  title = {sass: Syntactically Awesome Style Sheets ('Sass')},
  author = {Joe Cheng and Timothy Mastny and Richard Iannone and Barret Schloerke and Carson Sievert},
  year = {2022},
  note = {R package version 0.4.1},
  url = {https://CRAN.R-project.org/package=sass},
}
@Manual{scales,
  title = {scales: Scale Functions for Visualization},
  author = {Hadley Wickham and Dana Seidel},
  year = {2022},
  note = {R package version 1.2.0},
  url = {https://CRAN.R-project.org/package=scales},
}
@Article{stringi2021a,
  title = {stringi: Fast and portable character string processing in R},
  author = {Marek Gagolewski},
  journal = {Journal of Statistical Software},
  year = {2021},
  note = {to appear},
}

@Manual{stringi2021b,
  title = {stringi: Fast and portable character string processing in R},
  author = {Marek Gagolewski},
  year = {2021},
  note = {R package version 1.7.6},
  url = {https://stringi.gagolewski.com/},
}
@Manual{tidyselect,
  title = {tidyselect: Select from a Set of Strings},
  author = {Lionel Henry and Hadley Wickham},
  year = {2022},
  note = {R package version 1.1.2},
  url = {https://CRAN.R-project.org/package=tidyselect},
}
@Manual{tidytree,
  title = {tidytree: A Tidy Tool for Phylogenetic Tree Data Manipulation},
  author = {Guangchuang Yu},
  year = {2022},
  note = {R package version 0.3.9},
  url = {https://CRAN.R-project.org/package=tidytree},
}
@Manual{tinytex2022,
  title = {tinytex: Helper Functions to Install and Maintain TeX Live, and Compile
LaTeX Documents},
  author = {Yihui Xie},
  year = {2022},
  note = {R package version 0.40},
  url = {https://github.com/rstudio/tinytex},
}

@Article{tinytex2019,
  title = {TinyTeX: A lightweight, cross-platform, and easy-to-maintain LaTeX distribution based on TeX Live},
  author = {Yihui Xie},
  journal = {TUGboat},
  year = {2019},
  volumne = {40},
  number = {1},
  pages = {30--32},
  url = {https://tug.org/TUGboat/Contents/contents40-1.html},
}
@Article{treeio,
  title = {treeio: an R package for phylogenetic tree input and output with richly annotated and associated data.},
  author = {Li-Gen Wang and Tommy Tsan-Yuk Lam and Shuangbin Xu and Zehan Dai and Lang Zhou and Tingze Feng and Pingfan Guo and Casey W. Dunn and Bradley R. Jones and Tyler Bradley and Huachen Zhu and Yi Guan and Yong Jiang and Guangchuang Yu},
  year = {2020},
  journal = {Molecular Biology and Evolution},
  volume = {37},
  issue = {2},
  pages = {599-603},
  doi = {10.1093/molbev/msz240},
}
@Manual{utf8,
  title = {utf8: Unicode Text Processing},
  author = {Patrick O. Perry},
  year = {2021},
  note = {R package version 1.2.2},
  url = {https://CRAN.R-project.org/package=utf8},
}
@Manual{vctrs,
  title = {vctrs: Vector Helpers},
  author = {Hadley Wickham and Lionel Henry and Davis Vaughan},
  year = {2022},
  note = {R package version 0.4.1},
  url = {https://CRAN.R-project.org/package=vctrs},
}
@Manual{viridisLite,
  title = {{viridis} - Colorblind-Friendly Color Maps for R},
  author = {{Garnier} and {Simon} and {Ross} and {Noam} and {Rudis} and {Robert} and {Camargo} and Antônio Pedro and {Sciaini} and {Marco} and {Scherer} and {Cédric}},
  year = {2021},
  note = {R package version 0.4.0},
  url = {https://sjmgarnier.github.io/viridis/},
  doi = {10.5281/zenodo.4679424},
  doi = {10.5281/zenodo.4679424},
}
@Manual{withr,
  title = {withr: Run Code 'With' Temporarily Modified Global State},
  author = {Jim Hester and Lionel Henry and Kirill Müller and Kevin Ushey and Hadley Wickham and Winston Chang},
  year = {2022},
  note = {R package version 2.5.0},
  url = {https://CRAN.R-project.org/package=withr},
}
@Manual{xfun,
  title = {xfun: Supporting Functions for Packages Maintained by 'Yihui Xie'},
  author = {Yihui Xie},
  year = {2022},
  note = {R package version 0.31},
  url = {https://CRAN.R-project.org/package=xfun},
}
@Manual{yaml,
  title = {yaml: Methods to Convert R Data to YAML and Back},
  author = {Shawn P Garbett and Jeremy Stephens and Kirill Simonov and Yihui Xie and Zhuoer Dong and Hadley Wickham and Jeffrey Horner and {reikoch} and Will Beasley and Brendan O'Connor and Gregory R. Warnes and Michael Quinn and Zhian N. Kamvar},
  year = {2022},
  note = {R package version 2.3.5},
  url = {https://CRAN.R-project.org/package=yaml},
}
@Manual{yulabutils,
  title = {yulab.utils: Supporting Functions for Packages Maintained by 'YuLab-SMU'},
  author = {Guangchuang Yu},
  year = {2022},
  note = {R package version 0.0.5},
  url = {https://CRAN.R-project.org/package=yulab.utils},
}
@Article{tidyverse,
  title = {Welcome to the {tidyverse}},
  author = {Hadley Wickham and Mara Averick and Jennifer Bryan and Winston Chang and Lucy D'Agostino McGowan and Romain François and Garrett Grolemund and Alex Hayes and Lionel Henry and Jim Hester and Max Kuhn and Thomas Lin Pedersen and Evan Miller and Stephan Milton Bache and Kirill Müller and Jeroen Ooms and David Robinson and Dana Paige Seidel and Vitalie Spinu and Kohske Takahashi and Davis Vaughan and Claus Wilke and Kara Woo and Hiroaki Yutani},
  year = {2019},
  journal = {Journal of Open Source Software},
  volume = {4},
  number = {43},
  pages = {1686},
  doi = {10.21105/joss.01686},
}
@Manual{rstudio,
  title = {RStudio: Integrated Development Environment for R},
  author = {{RStudio Team}},
  organization = {RStudio, PBC},
  address = {Boston, MA},
  year = {2022},
  url = {http://www.rstudio.com/},
}
